@online{bitcoinwiki,
  title={{Bitcoin Wiki}},
  year={2009}
}

@article{masteringbitcoin,
	title={{Mastering Bitcoin}},
	author={Andreas Antonopoulos},
	pages={88--88},
	year={2017},
	publisher={O'Reilly}
}

@online{litecoinpool,
	title={{LitecoinPool.org}}
}

@website{blockonomi,
title={{Blockonomi on Bitcoin halving}}
}